<?xml version = "1.0" encoding = "UTF-8"?><OAI-PMH xmlns="http://www.openarchives.org/OAI/2.0/" xmlns:xsi="http://www.w3.org/2001/XMLSchema-instance" xsi:schemaLocation="http://www.openarchives.org/OAI/2.0/ http://www.openarchives.org/OAI/2.0/OAI-PMH.xsd"><ListRecords><record><header><identifier>aleph-publish:010166306</identifier></header><metadata><record xmlns="http://www.ddb.de/professionell/mabxml/mabxml-1.xsd"><leader>------M2.01200024------h</leader><controlfield tag="LDR">------M2.01200024------h</controlfield><controlfield tag="FMT">MH</controlfield><datafield tag="001" ind1="-" ind2="1"><subfield code="a">HT011351141</subfield></datafield><datafield tag="002" ind1="a" ind2="1"><subfield code="a">20000502</subfield></datafield><datafield tag="003" ind1="-" ind2="1"><subfield code="a">20120416</subfield></datafield><datafield tag="026" ind1="-" ind2="1"><subfield code="a">HBZHT011351141</subfield></datafield><controlfield tag="030">a|1uc||||||37</controlfield><datafield tag="036" ind1="a" ind2="1"><subfield code="a">DE</subfield></datafield><datafield tag="037" ind1="b" ind2="1"><subfield code="a">ger</subfield></datafield><controlfield tag="050">||||||||d|||||</controlfield><controlfield tag="051">md||||||</controlfield><datafield tag="070" ind1="-" ind2="1"><subfield code="a">82</subfield></datafield><datafield tag="070" ind1="b" ind2="1"><subfield code="a">5</subfield></datafield><datafield tag="078" ind1="n" ind2="1"><subfield code="a">NWBib-5</subfield></datafield><datafield tag="080" ind1="-" ind2="1"><subfield code="a">60</subfield></datafield><datafield tag="100" ind1="b" ind2="1"><subfield code="p">Wollgarten, Richard</subfield><subfield code="9">(DE-588)133877248</subfield></datafield><datafield tag="331" ind1="-" ind2="1"><subfield code="a">Dialekt-CD-ROM Aachen</subfield></datafield><datafield tag="334" ind1="-" ind2="1"><subfield code="a">Elektronische Ressource</subfield></datafield><datafield tag="335" ind1="-" ind2="1"><subfield code="a">klingendes Wörterbuch ; mit einer &quot;Tour durch Aachen&quot; ; Öcher Platt - Hochdeutsch</subfield></datafield><datafield tag="359" ind1="-" ind2="1"><subfield code="a">Idee: Richard Wollgarten ... Ausführung: Richard Wollgarten ...</subfield></datafield><datafield tag="410" ind1="-" ind2="1"><subfield code="a">[Aachen]</subfield></datafield><datafield tag="412" ind1="-" ind2="1"><subfield code="a">[Verein Öcher Platt]</subfield></datafield><datafield tag="425" ind1="a" ind2="1"><subfield code="a">1999</subfield></datafield><datafield tag="527" ind1="z" ind2="1"><subfield code="p">Buchausg. u.d.T.</subfield><subfield code="a">Aachener Dialekt-Wortschatz</subfield><subfield code="9">HT011335236</subfield></datafield><datafield tag="651" ind1="-" ind2="1"><subfield code="a">Systemvoraussetzungen</subfield><subfield code="b">Windows 3.x oder Win95/Win98; Multimedia PC 486 DX oder höher; mindestens 16 MB RAM; 4-fach CD-ROM-Laufwerk; Grafikkarte mit mindestens 16 Bit Farbtiefe; Soundkarte</subfield></datafield><datafield tag="652" ind1="a" ind2="1"><subfield code="a">CD-ROM</subfield></datafield><datafield tag="653" ind1="-" ind2="1"><subfield code="a">1 CD-ROM</subfield><subfield code="d">12 cm</subfield></datafield><datafield tag="700" ind1="n" ind2="1"><subfield code="a">99</subfield><subfield code="b">Aachen</subfield></datafield><datafield tag="700" ind1="n" ind2="1"><subfield code="a">744000</subfield></datafield><datafield tag="902" ind1="-" ind2="1"><subfield code="s">Mundart Ripuarisch</subfield><subfield code="h">Aachen</subfield><subfield code="9">(DE-588)4521192-9</subfield></datafield><datafield tag="902" ind1="-" ind2="1"><subfield code="f">Wörterbuch</subfield></datafield><datafield tag="902" ind1="-" ind2="1"><subfield code="f">CD-ROM</subfield></datafield><controlfield tag="SYS">010166306</controlfield><datafield tag="LOW" ind1="-" ind2="1"><subfield code="a">A0001</subfield></datafield><datafield tag="LOW" ind1="-" ind2="1"><subfield code="a">Q0001</subfield></datafield><datafield tag="952" ind1="-" ind2="1"><subfield code="s">Öcher Platt</subfield></datafield><datafield tag="088" ind1=" " ind2=" "><subfield code="a">5</subfield><subfield code="b">00000000</subfield><subfield code="c">CDat 2003/28</subfield><subfield code="e">ILL Ausleihe</subfield></datafield><datafield tag="088" ind1=" " ind2=" "><subfield code="a">82</subfield><subfield code="b">00000000</subfield><subfield code="c">AV2126</subfield><subfield code="e">ILL Ausleihe</subfield></datafield></record></metadata></record></ListRecords></OAI-PMH>